<?xml version="1.0" encoding="UTF-8"?><collection xmlns="http://www.loc.gov/MARC21/slim"><record><leader>00355nam--2200145-i-4500</leader><controlfield tag="001">000024963</controlfield><controlfield tag="002">20161230</controlfield><controlfield tag="005">20170208172551</controlfield><controlfield tag="008">060222s1000------------r-----000-0-eng-d</controlfield><datafield ind1=" " ind2=" " tag="100"><subfield code="a">Cole, G. H. A</subfield></datafield><datafield ind1=" " ind2=" " tag="245"><subfield code="a">Description of the liquid state</subfield></datafield><datafield ind1=" " ind2=" " tag="260"><subfield code="a">Hull</subfield><subfield code="b">Description</subfield><subfield code="c">1984</subfield></datafield><datafield ind1=" " ind2=" " tag="300"><subfield code="a">70 p</subfield></datafield><datafield ind1=" " ind2=" " tag="852"><subfield code="a">538.9(061.3)</subfield></datafield><datafield ind1=" " ind2=" " tag="CAT"><subfield code="a">SYS</subfield><subfield code="c">20170208</subfield><subfield code="h">172551</subfield></datafield></record></collection>